@article{BiDAF,
  author    = {Min Joon Seo and
               Aniruddha Kembhavi and
               Ali Farhadi and
               Hannaneh Hajishirzi},
  title     = {Bidirectional Attention Flow for Machine Comprehension},
  journal   = {CoRR},
  volume    = {abs/1611.01603},
  year      = {2016},
  url       = {http://arxiv.org/abs/1611.01603},
  archivePrefix = {arXiv},
  eprint    = {1611.01603},
  timestamp = {Wed, 07 Jun 2017 14:41:03 +0200},
  biburl    = {https://dblp.org/rec/bib/journals/corr/SeoKFH16},
  bibsource = {dblp computer science bibliography, https://dblp.org}
}

@article{SQuAD,
  author    = {Pranav Rajpurkar and
               Jian Zhang and
               Konstantin Lopyrev and
               Percy Liang},
  title     = {SQuAD: 100, 000+ Questions for Machine Comprehension of Text},
  journal   = {CoRR},
  volume    = {abs/1606.05250},
  year      = {2016},
  url       = {http://arxiv.org/abs/1606.05250},
  archivePrefix = {arXiv},
  eprint    = {1606.05250},
  timestamp = {Wed, 07 Jun 2017 14:41:34 +0200},
  biburl    = {https://dblp.org/rec/bib/journals/corr/RajpurkarZLL16},
  bibsource = {dblp computer science bibliography, https://dblp.org}
}

@article{CNN_QA,
	author    = {Felix Wu and
	Ni Lao and
	John Blitzer and
	Guandao Yang and
	Kilian Q. Weinberger},
	title     = {Fast Reading Comprehension with ConvNets},
	journal   = {CoRR},
	volume    = {abs/1711.04352},
	year      = {2017},
	url       = {http://arxiv.org/abs/1711.04352},
	archivePrefix = {arXiv},
	eprint    = {1711.04352},
	timestamp = {Fri, 01 Dec 2017 14:22:24 +0100},
	biburl    = {https://dblp.org/rec/bib/journals/corr/abs-1711-04352},
	bibsource = {dblp computer science bibliography, https://dblp.org}
}

@article{GloVe,
	author = {Jeffrey Pennington and Richard Socher and Christopher D. Manning},
	title = {Glove: Global vectors for word representation},
	booktitle = {In EMNLP},
	year = {2014}
}

@article{word2vec,
	author    = {Tomas Mikolov and
	Kai Chen and
	Greg Corrado and
	Jeffrey Dean},
	title     = {Efficient Estimation of Word Representations in Vector Space},
	journal   = {CoRR},
	volume    = {abs/1301.3781},
	year      = {2013},
	url       = {http://arxiv.org/abs/1301.3781},
	archivePrefix = {arXiv},
	eprint    = {1301.3781},
	timestamp = {Wed, 07 Jun 2017 14:42:25 +0200},
	biburl    = {https://dblp.org/rec/bib/journals/corr/abs-1301-3781},
	bibsource = {dblp computer science bibliography, https://dblp.org}
}

@article{ELMo,
	author    = {Matthew E. Peters and
	Mark Neumann and
	Mohit Iyyer and
	Matt Gardner and
	Christopher Clark and
	Kenton Lee and
	Luke Zettlemoyer},
	title     = {Deep contextualized word representations},
	journal   = {CoRR},
	volume    = {abs/1802.05365},
	year      = {2018},
	url       = {http://arxiv.org/abs/1802.05365},
	archivePrefix = {arXiv},
	eprint    = {1802.05365},
	timestamp = {Thu, 01 Mar 2018 19:20:48 +0100},
	biburl    = {https://dblp.org/rec/bib/journals/corr/abs-1802-05365},
	bibsource = {dblp computer science bibliography, https://dblp.org}
}

@article{RNet,
	title = {Gated Self-Matching Networks for Reading Comprehension and Question Answering},
	author = {Wenhui Wang and Nan Yang and Furu Wei and Baobao Chang and Ming Zhou},
	journal	 = {ACL},
	year = {2017}
}

@article{Mnemonic,
	author    = {Minghao Hu and
	Yuxing Peng and
	Xipeng Qiu},
	title     = {Mnemonic Reader for Machine Comprehension},
	journal   = {CoRR},
	volume    = {abs/1705.02798},
	year      = {2017},
	url       = {http://arxiv.org/abs/1705.02798},
	archivePrefix = {arXiv},
	eprint    = {1705.02798},
	timestamp = {Wed, 07 Jun 2017 14:42:43 +0200},
	biburl    = {https://dblp.org/rec/bib/journals/corr/HuPQ17},
	bibsource = {dblp computer science bibliography, https://dblp.org}
}

@article{seq2seq,
	author    = {Ilya Sutskever and
	Oriol Vinyals and
	Quoc V. Le},
	title     = {Sequence to Sequence Learning with Neural Networks},
	journal   = {CoRR},
	volume    = {abs/1409.3215},
	year      = {2014},
	url       = {http://arxiv.org/abs/1409.3215},
	archivePrefix = {arXiv},
	eprint    = {1409.3215},
	timestamp = {Wed, 07 Jun 2017 14:40:10 +0200},
	biburl    = {https://dblp.org/rec/bib/journals/corr/SutskeverVL14},
	bibsource = {dblp computer science bibliography, https://dblp.org}
}

@article{Bahdanau,
	author    = {Dzmitry Bahdanau and
	Kyunghyun Cho and
	Yoshua Bengio},
	title     = {Neural Machine Translation by Jointly Learning to Align and Translate},
	journal   = {CoRR},
	volume    = {abs/1409.0473},
	year      = {2014},
	url       = {http://arxiv.org/abs/1409.0473},
	archivePrefix = {arXiv},
	eprint    = {1409.0473},
	timestamp = {Wed, 07 Jun 2017 14:40:19 +0200},
	biburl    = {https://dblp.org/rec/bib/journals/corr/BahdanauCB14},
	bibsource = {dblp computer science bibliography, https://dblp.org}
}

@article{Luong,
	author    = {Minh{-}Thang Luong and
	Hieu Pham and
	Christopher D. Manning},
	title     = {Effective Approaches to Attention-based Neural Machine Translation},
	journal   = {CoRR},
	volume    = {abs/1508.04025},
	year      = {2015},
	url       = {http://arxiv.org/abs/1508.04025},
	archivePrefix = {arXiv},
	eprint    = {1508.04025},
	timestamp = {Wed, 07 Jun 2017 14:41:36 +0200},
	biburl    = {https://dblp.org/rec/bib/journals/corr/LuongPM15},
	bibsource = {dblp computer science bibliography, https://dblp.org}
}

@article{Nallapati,
	author    = {Ramesh Nallapati and
	Bing Xiang and
	Bowen Zhou},
	title     = {Sequence-to-Sequence RNNs for Text Summarization},
	journal   = {CoRR},
	volume    = {abs/1602.06023},
	year      = {2016},
	url       = {http://arxiv.org/abs/1602.06023},
	archivePrefix = {arXiv},
	eprint    = {1602.06023},
	timestamp = {Wed, 07 Jun 2017 14:40:56 +0200},
	biburl    = {https://dblp.org/rec/bib/journals/corr/NallapatiXZ16},
	bibsource = {dblp computer science bibliography, https://dblp.org}
}

@article{Ptr-Net,
	author	= {Oriol Vinyals and Meire Fortunato and Navdeep Jaitly},
	title 	= {Pointer Networks},
	journal = {CoRR},
	volume	= {abs/1506.03134},
	year 	= {2015},
	url		= {https://arxiv.org/abs/1506.03134},
	archivePrefix = {arXiv},
	eprint  = {1506.03134}
}

@article{GRU,
	author    = {Kyunghyun Cho and
	Bart van Merrienboer and
	{\c{C}}aglar G{\"{u}}l{\c{c}}ehre and
	Fethi Bougares and
	Holger Schwenk and
	Yoshua Bengio},
	title     = {Learning Phrase Representations using {RNN} Encoder-Decoder for Statistical
	Machine Translation},
	journal   = {CoRR},
	volume    = {abs/1406.1078},
	year      = {2014},
	url       = {http://arxiv.org/abs/1406.1078},
	archivePrefix = {arXiv},
	eprint    = {1406.1078},
	timestamp = {Wed, 07 Jun 2017 14:43:08 +0200},
	biburl    = {https://dblp.org/rec/bib/journals/corr/ChoMGBSB14},
	bibsource = {dblp computer science bibliography, https://dblp.org}
}

@article{Kim,
	author    = {Yoon Kim},
	title     = {Convolutional Neural Networks for Sentence Classification},
	journal   = {CoRR},
	volume    = {abs/1408.5882},
	year      = {2014},
	url       = {http://arxiv.org/abs/1408.5882},
	archivePrefix = {arXiv},
	eprint    = {1408.5882},
	timestamp = {Wed, 07 Jun 2017 14:40:07 +0200},
	biburl    = {https://dblp.org/rec/bib/journals/corr/Kim14f},
	bibsource = {dblp computer science bibliography, https://dblp.org}
}

@article{bAbI,
	author    = {Jason Weston and
	Antoine Bordes and
	Sumit Chopra and
	Tomas Mikolov},
	title     = {Towards AI-Complete Question Answering: {A} Set of Prerequisite Toy
	Tasks},
	journal   = {CoRR},
	volume    = {abs/1502.05698},
	year      = {2015},
	url       = {http://arxiv.org/abs/1502.05698},
	archivePrefix = {arXiv},
	eprint    = {1502.05698},
	timestamp = {Wed, 07 Jun 2017 14:42:32 +0200},
	biburl    = {https://dblp.org/rec/bib/journals/corr/WestonBCM15},
	bibsource = {dblp computer science bibliography, https://dblp.org}
}

@article{Adam,
	author    = {Diederik P. Kingma and
	Jimmy Ba},
	title     = {Adam: {A} Method for Stochastic Optimization},
	journal   = {CoRR},
	volume    = {abs/1412.6980},
	year      = {2014},
	url       = {http://arxiv.org/abs/1412.6980},
	archivePrefix = {arXiv},
	eprint    = {1412.6980},
	timestamp = {Wed, 07 Jun 2017 14:40:52 +0200},
	biburl    = {https://dblp.org/rec/bib/journals/corr/KingmaB14},
	bibsource = {dblp computer science bibliography, https://dblp.org}
}

@article{FusionNet,
	author    = {Hsin{-}Yuan Huang and
	Chenguang Zhu and
	Yelong Shen and
	Weizhu Chen},
	title     = {FusionNet: Fusing via Fully-Aware Attention with Application to Machine
	Comprehension},
	journal   = {CoRR},
	volume    = {abs/1711.07341},
	year      = {2017},
	url       = {http://arxiv.org/abs/1711.07341},
	archivePrefix = {arXiv},
	eprint    = {1711.07341},
	timestamp = {Sun, 03 Dec 2017 12:38:15 +0100},
	biburl    = {https://dblp.org/rec/bib/journals/corr/abs-1711-07341},
	bibsource = {dblp computer science bibliography, https://dblp.org}
}

@article{ELU,
	author    = {Djork{-}Arn{\'{e}} Clevert and
	Thomas Unterthiner and
	Sepp Hochreiter},
	title     = {Fast and Accurate Deep Network Learning by Exponential Linear Units
	(ELUs)},
	journal   = {CoRR},
	volume    = {abs/1511.07289},
	year      = {2015},
	url       = {http://arxiv.org/abs/1511.07289},
	archivePrefix = {arXiv},
	eprint    = {1511.07289},
	timestamp = {Wed, 07 Jun 2017 14:40:17 +0200},
	biburl    = {https://dblp.org/rec/bib/journals/corr/ClevertUH15},
	bibsource = {dblp computer science bibliography, https://dblp.org}
}